@article{fft,
 ISSN = {00255718, 10886842},
 URL = {http://www.jstor.org/stable/2003354},
 author = {James W. Cooley and John W. Tukey},
 journal = {Mathematics of Computation},
 number = {90},
 pages = {297--301},
 publisher = {American Mathematical Society},
 title = {An Algorithm for the Machine Calculation of Complex Fourier Series},
 volume = {19},
 year = {1965}
}
@book{dsp,
    author={高西全 and 丁玉美},
    title={数字信号处理},
    edition={第四版},
    year={2016.5},
    publisher={西安电子科技大学出版社},
    pages={121--130}
}

@online{github,
    author={@ameyk1},
    title={},
    date={2016-5-27},
    url={https://github.com/ameyk1/Fast-Fourier-Transform}
}


